<?xml version="1.0" encoding="UTF-8"?><record xmlns="http://www.loc.gov/MARC21/slim" xmlns:cinclude="http://apache.org/cocoon/include/1.0" xmlns:zs="http://www.loc.gov/zing/srw/">
  <leader>02155cz  a2200361n  4500</leader>
  <controlfield tag="001">n  87875158 </controlfield>
  <controlfield tag="003">DLC</controlfield>
  <controlfield tag="005">20160315060611.0</controlfield>
  <controlfield tag="008">870720n| azannaabn          |a aaa      </controlfield>
  <datafield tag="010" ind1=" " ind2=" ">
    <subfield code="a">n  87875158 </subfield>
    <subfield code="z">n  97073981 </subfield>
  </datafield>
  <datafield tag="035" ind1=" " ind2=" ">
    <subfield code="a">(OCoLC)oca01899305</subfield>
  </datafield>
  <datafield tag="035" ind1=" " ind2=" ">
    <subfield code="a">(CaEvSKY)skya3045268</subfield>
  </datafield>
  <datafield tag="040" ind1=" " ind2=" ">
    <subfield code="a">DLC</subfield>
    <subfield code="b">eng</subfield>
    <subfield code="e">rda</subfield>
    <subfield code="c">DLC</subfield>
    <subfield code="d">DLC</subfield>
    <subfield code="d">OCoLC</subfield>
    <subfield code="d">DLC</subfield>
    <subfield code="d">IEN</subfield>
    <subfield code="d">MX-MxCID</subfield>
  </datafield>
  <datafield tag="100" ind1="1" ind2=" ">
    <subfield code="a">Ramírez Sáiz, Juan Manuel</subfield>
  </datafield>
  <datafield tag="372" ind1=" " ind2=" ">
    <subfield code="a">Political science</subfield>
    <subfield code="2">lcsh</subfield>
  </datafield>
  <datafield tag="373" ind1=" " ind2=" ">
    <subfield code="a">Instituto Tecnológico de Estudios Superiores de Occidente (Guadalajara, Mexico)</subfield>
    <subfield code="a">Universidad Nacional Autónoma de México</subfield>
    <subfield code="a">Academia Mexicana de Ciencias</subfield>
    <subfield code="2">naf</subfield>
  </datafield>
  <datafield tag="374" ind1=" " ind2=" ">
    <subfield code="a">Professor</subfield>
    <subfield code="a">Researcher</subfield>
  </datafield>
  <datafield tag="375" ind1=" " ind2=" ">
    <subfield code="a">male</subfield>
  </datafield>
  <datafield tag="377" ind1=" " ind2=" ">
    <subfield code="a">spa</subfield>
  </datafield>
  <datafield tag="400" ind1="1" ind2=" ">
    <subfield code="a">Sáiz, Juan Manuel Ramírez</subfield>
  </datafield>
  <datafield tag="400" ind1="1" ind2=" ">
    <subfield code="a">Ramírez S., J. M.</subfield>
    <subfield code="q">(Juan Manuel Ramírez Sáiz)</subfield>
  </datafield>
  <datafield tag="400" ind1="1" ind2=" ">
    <subfield code="a">Ramírez Sáenz, Juan Manual</subfield>
  </datafield>
  <datafield tag="400" ind1="1" ind2=" ">
    <subfield code="a">Sáenz, Juan Manuel Ramírez</subfield>
  </datafield>
  <datafield tag="400" ind1="1" ind2=" ">
    <subfield code="a">Ramírez S., Juan Manuel</subfield>
    <subfield code="q">(Ramírez Sáiz)</subfield>
  </datafield>
  <datafield tag="400" ind1="1" ind2=" ">
    <subfield code="a">Ramírez, Juan Manuel</subfield>
  </datafield>
  <datafield tag="670" ind1=" " ind2=" ">
    <subfield code="a">His El movimiento urbano popular en México, 1986:</subfield>
    <subfield code="b">t.p. (Juan Manuel Ramírez Sáiz) p. 12 (J.M. Ramírez S.)</subfield>
  </datafield>
  <datafield tag="670" ind1=" " ind2=" ">
    <subfield code="a">D.F., 1987:</subfield>
    <subfield code="b">t.p. (Juan Manual Ramírez Sáiz) cover (Juan Manuel Ramírez Sáenz)</subfield>
  </datafield>
  <datafield tag="670" ind1=" " ind2=" ">
    <subfield code="a">His Turismo y medio ambiente, 1986:</subfield>
    <subfield code="b">t.p. (Juan Manuel Ramírez S.) p. 113 (listed in bibliography as J.M. Ramírez Sáiz)</subfield>
  </datafield>
  <datafield tag="670" ind1=" " ind2=" ">
    <subfield code="a">Normas y prácticas morales y cívicas en la vida cotidiana, 1990:</subfield>
    <subfield code="b">t.p. (Juan Manuel Ramírez Sáiz)</subfield>
  </datafield>
  <datafield tag="670" ind1=" " ind2=" ">
    <subfield code="a">La democracia de los de abajo en Jalisco, 1996:</subfield>
    <subfield code="b">t.p. (Juan Manuel Ramírez)</subfield>
  </datafield>
  <datafield tag="670" ind1=" " ind2=" ">
    <subfield code="a">Intervención ciudadana e innovaciones políticas, 2003:</subfield>
    <subfield code="b">t.p. (Juan M. Ramirez Saiz)</subfield>
  </datafield>
  <datafield tag="670" ind1=" " ind2=" ">
    <subfield code="a">Metrópolis, asociaciones vecinales y megaproyectos urbanos, 2010:</subfield>
    <subfield code="b">t.p. (Juan Manuel Ramírez Sáiz) p. 4 of cover (dr. in poli. sci., Univ. Nac. Aut. de México; prof.-researcher, Inst. Tecnológico y de Estudios Sup. de Occidente)</subfield>
  </datafield>
  <datafield tag="670" ind1=" " ind2=" ">
    <subfield code="a">Ciudadanía mundial, 2006:</subfield>
    <subfield code="b">title page (Juan Manuel Ramírez Sáiz) page 4 of cover (Juan Manuel Ramírez Sáiz; miembro del Sistema Nacional de Investigadores y de la Academia Mexicana de Ciencias)</subfield>
  </datafield>
</record>